@inproceedings{Bocklet2014ErlangenCLPLarge,
	Author = {Tobias Bocklet and Andreas Maier and Korbinian Riedhammer and Ulrich Eysholdt and Elmar Nöth},
	Booktitle = {Proc.\ Language Resources and Evaluation (LREC)},
	Keywords = {pls},
	Title = {Erlangen-{CLP}: A Large Annotated Corpus of Speech from Children with Cleft Lip and Palate},
	Year = {2014}
}

@inproceedings{Bocklet2009TowardsLanguageindependenta,
	Author = {Tobias Bocklet and Andreas Maier and Korbinian Riedhammer and Elmar Nöth},
	Booktitle = {Proc.\ ISCA Workshop on Child, Computer and Interaction (WOCCI)},
	Keywords = {pls},
	Pages = {2015--2018},
	Title = {{Towards a Language-independent Intelligibility Assessment of Children with Cleft Lip and Palate}},
	Year = {2009}
}

@inproceedings{Bocklet2013AutomaticPhonemeAnalysis,
	Author = {Tobias Bocklet and Korbinian Riedhammer and Ulrich Eysholdt and Elmar Nöth},
	Booktitle =  {Proc.\ IEEE Int'l Conference on Acoustics, Speech, and Signal Processing (ICASSP)},
	Keywords = {pls},
	Note = {7572--7576},
	Title = {Automatic Phoneme Analysis in Children with Cleft Lip and Palate},
	Year = {2013}
}

@inproceedings{wagner2024optimized,
    title = "Optimized Speculative Sampling for {GPU} Hardware Accelerators",
    author = "Wagner, Dominik  and Lee, Seanie  and Baumann, Ilja  and Seeberger, Philipp  and Riedhammer, Korbinian  and Bocklet, Tobias",
    editor = "Al-Onaizan, Yaser  and
      Bansal, Mohit  and
      Chen, Yun-Nung",
    booktitle = "Proceedings of the 2024 Conference on Empirical Methods in Natural Language Processing",
    month = nov,
    year = "2024",
    address = "Miami, Florida, USA",
    publisher = "Association for Computational Linguistics",
    url = "https://aclanthology.org/2024.emnlp-main.370",
    pages = "6442--6458",
}


